@PREAMBLE{
 "\providecommand{\noopsort}[1]{}" 
 # "\providecommand{\singleletter}[1]{#1}%" 
}

@article{chu2020,
  author = {Chu,Shijun (储世俊 ) and Xia,Chao (夏超 ) and Wang,Hanfeng (王汉封 ) and Fan,Yajun (范亚军 ) and Yang,Zhigang (杨志刚 )},
  title = {Three-dimensional spectral proper orthogonal decomposition analyses of the turbulent flow around a seal-vibrissa-shaped cylinder},
  journal = {Physics of Fluids},
  volume = {33},
  number = {2},
  pages = {025106},
  year = {2021},
}

@article{qiu2022,
  author = {Qiu,Xiang  and Sun,Wenlei  and Tao,Yizhou  and Li,Jiahua  and Li,Jianghua  and Liu,Yulu },
  title = {Large eddy simulation of structural characteristics in turbulent flow around a circular cylinder close to a wavy wall},
  journal = {AIP Advances},
  volume = {12},
  number = {6},
  pages = {065204},
  year = {2022},
}

@article{Kamble2020,
  author = {Kamble,Chetna  and Girimaji,Sharath },
  title = {Characterization of coherent structures in turbulent wake of a sphere using partially averaged Navier–Stokes (PANS) simulations},
  journal = {Physics of Fluids},
  volume = {32},
  number = {10},
  pages = {105110},
  year = {2020},
}



@ARTICLE{fatica1997,
  author       = "M. Fatica and H.-J. Kaltenbach and R. Mittal",
  year         = "1997",
  journal      = "Cent.\ Turb.\ Res.\ Ann.\ Res.\ Briefs",
  volume       = "10",
  pages        = "23",
}

@inbook{strelets2001,
    author      = {M. Strelets},
    title       = {Detached eddy simulation of massively separated flows},
    booktitle   = {39th Aerospace Sciences Meeting and Exhibit},
    pages       = {2001-0879},
    year        = {2001},
    publisher   = {AIAA},
}

@ARTICLE{wen2016,
   title = {Large eddy simulation of a semi-industrial scale coal furnace using non-adiabatic three-stream flamelet/progress variable model},
   journal = {Applied Energy},
   volume = {183},
   pages = {1086-1097},
   year = {2016},
   author = {Xu Wen and Kun Luo and Yujuan Luo and Hassan I. Kassem and Hanhui Jin and Jianren Fan},
}

@ARTICLE{mustafa2021,
   author = {Yousif,Mustafa Z.  and Lim,HeeChang },
   title = {Improved delayed detached-eddy simulation and proper orthogonal decomposition analysis of turbulent wake behind a wall-mounted square cylinder},
   journal = {AIP Advances},
   volume = {11},
   number = {4},
   pages = {045011},
   year = {2021},
}

@article{kraichnan1967,
   author = {Kraichnan,Robert H. },
   title = {Inertial Ranges in Two‐Dimensional Turbulence},
   journal = {The Physics of Fluids},
   volume = {10},
   number = {7},
   pages = {1417-1423},
   year = {1967},
   doi = {10.1063/1.1762301},
}
@article{rutgers1998,
  title = {Forced 2D Turbulence: Experimental Evidence of Simultaneous Inverse Energy and Forward Enstrophy Cascades},
  author = {Rutgers, Maarten A.},
  journal = {Physical Review Letters},
  volume = {81},
  issue = {11},
  pages = {2244--2247},
  numpages = {0},
  year = {1998},
  month = {Sep},
  publisher = {American Physical Society},
  doi = {10.1103/PhysRevLett.81.2244},
}


@Article{         numpy,
 title         = {Array programming with {NumPy}},
 author        = {Charles R. Harris and K. Jarrod Millman and St{\'{e}}fan J.
                 van der Walt and Ralf Gommers and Pauli Virtanen and David
                 Cournapeau and Eric Wieser and Julian Taylor and Sebastian
                 Berg and Nathaniel J. Smith and Robert Kern and Matti Picus
                 and Stephan Hoyer and Marten H. van Kerkwijk and Matthew
                 Brett and Allan Haldane and Jaime Fern{\'{a}}ndez del
                 R{\'{i}}o and Mark Wiebe and Pearu Peterson and Pierre
                 G{\'{e}}rard-Marchant and Kevin Sheppard and Tyler Reddy and
                 Warren Weckesser and Hameer Abbasi and Christoph Gohlke and
                 Travis E. Oliphant},
 year          = {2020},
 month         = sep,
 journal       = {Nature},
 volume        = {585},
 number        = {7825},
 pages         = {357--362},
 doi           = {10.1038/s41586-020-2649-2},
 publisher     = {Springer Science and Business Media {LLC}},
}

@ARTICLE{constantinescu2004,
   author       = "G. Constantinescu and K. Squires",
   year         = "2004",
   journal      = "Phys.\ Fluids",
   volume       = "16",
   pages        = "1149",
}

@ARTICLE{sewall2006,
   author       = "E. A. Sewall and D. K. Tafti and A. B. Graham and K. A. Thole",
   year         = "2006",
   journal      = "Int.\ J.\ Heat Fluid Flow",
   volume       = "27",
   pages        = "243",
}

@ARTICLE{tokyay2006,
   author       = "T. E. Tokyay and S. G. Constantinescu",
   year         = "2006",
   journal      = "J.\ Hydraul.\ Eng.",
   volume       = "132",
   pages        = "1303",
}

@ARTICLE{yahya2012,
   author       = "S. M. Yahya and S. F. Anwer and S. Sanghi",
   year         = "2012",
   journal      = "Proc.\ Eng.",
   volume       = "38",
   pages        = "1192",
}

@ARTICLE{xing2015,
   author       = "T. Xing",
   year         = "2015",
   journal      = "J.\ Hydrodyn.",
   volume       = "27",
   pages        = "163",
}

@article{yang2015,
   title = {Large-eddy simulation: Past, present and the future},
   journal = {Chinese Journal of Aeronautics},
   volume = {28},
   number = {1},
   pages = {11-24},
   year = {2015},
   author = {Yang Zhiyin}
}

@ARTICLE{mickiewicz2015,
   author       = "W. Mickiewicz",
   year         = "2015",
   journal      = "PAN\ Arch.\ Ac.",
   volume       = "40",
   pages        = "475",
}

@ARTICLE{jie2016,
   author       = "H. Jie and Y. Z. Liu",
   title        = "Large eddy simulation of turbulent flow over a cactus-analogue grooved cylinder",
   year         = "2016",
   journal      = "Journal of Visualization",
   volume       = "19",
   pages        = "61",
}


@ARTICLE{gand2021,
   author       = "F. Gand and M. Huet",
   year         = "2021",
   journal      = "Comp.\ Fluids",
   volume       = "216",
   pages        = "104816",
}

@ARTICLE{lohner2021,
   author       = "R. Lohner and C. Othmer and M. Mrosek and A. Figueroa and A. Degro",
   year         = "2021",
   journal      = "Comp.\ Fluids",
   volume       = "214",
   pages        = "104771",
}

@ARTICLE{onori2021,
   author       = "M. Onori and N. J. Hills",
   year         = "2021",
   journal      = "Comp.\ Fluids",
   volume       = "216",
   pages        = "104818",
}

@ARTICLE{saurabh2021,
   author       = "K. Saurabh and B. Gao and M. Fernando and S. Xu and M.A. Khanwale and B. Khara and M.-C- Hsu and A. Krishnamurthy and H. Sundar and B. Ganapathysubramanian",
   year         = "2021",
   journal      = "Comp.\ Math.\ Appl.",
   volume       = "97",
   pages        = "28",
}

@ARTICLE{yoder2021,
   author       = "D. A. Yoder and P. D. Orkwis",
   year         = "2021",
   journal      = "Comp.\ Fluids",
   volume       = "214",
   pages        = "104752",
}

@PROCEEDINGS{hybridRANSLES2011,
   editor = "S. Fu and W. Haase and S.-H. Peng and D. Schwamborn",
   title = "Progress in hybrid RANS-LES modelling",
   number = 17,
   series = "Notes on Numerical Fluid Mechanics and Multidisciplinary Design",
   month = sep,
   year = 2011,
   address = "Beijing",
   organization = "ACM",
   publisher = "Springer Science",
}

@ARTICLE{2014,
   author       = "W. J. Qin and M. Z. Zhao and JI. A. Ming and T. Y. Wang and D. M. Liu",
   year         = "2014",
   journal      = "Sc.\ Chin.\ Tech.\ Sc.",
   volume       = "57",
   pages        = "489",
}

@ARTICLE{gonzalez2019,
   title = {PIV and dynamic LES of the turbulent stream and mixing induced by a V-grooved blade axial agitator},
   journal = {Chemical Engineering Journal},
   volume = {374},
   pages = {1138-1152},
   year = {2019},
   author = {Israel González-Neria and Alejandro Alonzo-Garcia and Sergio A. Martínez-Delgadillo and Víctor X. Mendoza-Escamilla and Juan Antonio Yáñez-Varela and Patrick G. Verdin and Gabriela Rivadeneyra-Romero},
}


@ARTICLE{janiga2019,
   author       = "G. Janiga",
   year         = "2019",
   journal      = "Chem.\ Eng.\ Sci.",
   volume       = "201",
   pages        = "132",
}

@ARTICLE{martinez2019,
   author       = "S. A. Martinez-Delgadillo and A. Alonzo-Garcia and V. X. Mendoza-Escamilla and I. Gonzalez-Neria and J. A. Yanez-Varela",
   year         = "2019",
   journal      = "Chem.\ Eng.\ J.",
   volume       = "358",
   pages        = "255",
}

@ARTICLE{wei2019,
   author       = "W. Wei and H. Liu and M. Xie and M. Jia and M. Yue",
   year         = "2019",
   journal      = "Comp.\ Fluids",
   volume       = "179",
   pages        = "150",
}


@ARTICLE{fraga2021,
   author       = "V. S. Fraga and G. Yin and M. C. Ong",
   year         = "2021",
   journal      = "Ships and Offshore Structures",
   pages        = "1977939-1-1977939-37",
   title        = "Three-dimensional numerical simulation and proper orthogonal decomposition analysis of flow over different bottom-mounted ribs"
}


@INBOOK{menter2003,
   author       = "F. R. Menter and M. Kuntz and R. Langtry",
   title        = "Ten years of experience with the {SST} turbulence model", 
   pages        = "625--632",
   publisher    = "Begell House", 
   year         = "2003", 
   edition      = "1", 
}

@TechReport{menter1992,
  author  = 	 {F. R. Menter},
  title   = 	 {Improved two equation k-$\omega$ turbulence models for aerodynamic flows},
  number  =      {N93-22809},
  institution =  {NASA},
  year    = 	 {1992},
  pages   = 	 {34},
}

@InProceedings{hellsten1997,
  author  = 	 {A. Hellsten},
  title   = 	 {Some improvements in {M}enter's k-$\omega$ {SST} turbulence model},
  booktitle    = {Proceedings of the Fluid Dynamics Conference},
  eventdate    = {1997-06-15/1997-06-18},
  publisher    = {AIAA},
  location     = {Albuquerque, NM},
  year    = 	 {1997},
  volume  = 	 {71},
  pages   = 	 {11},
  doi     =      {10.2514/6.1998-2554},
}

@PHDTHESIS{samani2014,
   author       = "M. Samani", 
   title        = "", 
   school       = "University of Saskatchewan", 
   year         = "2014", 
   
   type         = "{Ph.D.} thesis", 
   address      = "", 
   month        = "", 
   note         = "", 
}

@PHDTHESIS{isoz2018,
   author       = "M. Isoz", 
   title        = "Dynamics of rivulets and other multiphase flows", 
   school       = "University of Chemistry and Technology", 
   year         = "2018", 
   
   type         = "{Ph.D.} thesis", 
   address      = "", 
   month        = "", 
   note         = "", 
}

@INPROCEEDINGS{uruba2020,
   author    = "V. Uruba and P. Prochazka and V. Skala",
   title     = "On the {3D} dynamics of the wake behind a circular cylinder",
   editor    = "T. Bodnar and D. Simurda",
   booktitle = "Proceedings of the conference Topical Problems of Fluid Mechanics",
   pages     = "240-248",
   publisher = "IT CAS",
   year      = "2020",
}

@article{ uruba2020a,
	author = "V. Uruba and P. Prochazka",
	title = {{POD} Spectrum of the Wake behind a Circular Cylinder},
	DOI= "10.1051/matecconf/202032805006",
	url= "https://doi.org/10.1051/matecconf/202032805006",
	journal = {MATEC Web Conf.},
	year = 2020,
	volume = 328,
	pages = "05006",
}

@article{isoz2019,
title = {{POD-DEIM} based model order reduction for speed-up of flow parametric studies},
journal = {Ocean Engineering},
volume = {186},
pages = {106083},
year = {2019},
doi = {https://doi.org/10.1016/j.oceaneng.2019.05.065},
author = {Martin Isoz},
}

@ARTICLE{chaturantabut2010,
   author       = "S. Chaturantabut and D. C. Sorensen",
   year         = "2010",
   journal      = "SIAM\ J.\ Sci.\ Comput.",
   pages        = "2737",
   volume       = "32",
}

@INPROCEEDINGS{gatski1991,
   author    = "T. B. Gatski and M. N. Glauser",
   title     = "Proper orthogonal decomposition based turbulence modeling",
   booktitle = "Proceedings of the conference ICASE/LaRC Workshop on Transition and Turbulence",
   pages     = "22",
   publisher = "NASA",
   year      = "1991",
}

@article{shinde2020,
  title = {Proper orthogonal decomposition assisted subfilter-scale model of turbulence for large eddy simulation},
  author = {Shinde, Vilas},
  journal = {Physical review fluids},
  volume = {5},
  issue = {1},
  pages = {014605},
  numpages = {34},
  year = {2020},
  month = {Jan},
}


@article{taira2020,
   title = "Modal analysis of fluid flows: Applications and outlook",
   author = "Kunihiko Taira and Hemati, {Maziar S.} and Brunton, {Steven L.} and Yiyang Sun and Karthik Duraisamy and Shervin Bagheri and Dawson, {Scott T.M.} and Yeh, {Chi An}",
   year = "2020",
   language = "English (US)",
   volume = "58",
   pages = "998--1022",
   journal = "AIAA Journal",
   number = "3",
}

@BOOK{volkwein2013,
  title   =     {Proper orthogonal decomposition: theory and reduced-order modelling},
  author  =     {S. Volkwein},
  publisher=   {Universtity of Konstanz},
  address=   {Konstanz, Germany},
  edition=   {1},
  year   =   {2013},
}

@InProceedings{kabir2017,
    author="Kabir, K.
    and Haidar, A.
    and Tomov, S.
    and Bouteiller, A.
    and Dongarra, J.",
    editor="Kunkel, J. M.
    and Yokota, R.
    and Balaji, P.
    and Keyes, D.",
    title="A Framework for Out of Memory SVD Algorithms",
    booktitle="High Performance Computing",
    year="2017",
    publisher="Springer International Publishing",
    pages="158",
}

@ARTICLE{rokhlin2009,
   author = {Rokhlin, Vladimir and Szlam, Arthur and Tygert, Mark},
   title = {A Randomized Algorithm for Principal Component Analysis},
   journal = {SIAM Journal on Matrix Analysis and Applications},
   volume = {31},
   number = {3},
   pages = {1100-1124},
   year = {2010},
}



@ARTICLE{halko2011,
   author = {Halko, N. and Martinsson, P. G. and Tropp, J. A.},
   title = {Finding Structure with Randomness: Probabilistic Algorithms for Constructing Approximate Matrix Decompositions},
   journal = {SIAM Review},
   volume = {53},
   number = {2},
   pages = {217-288},
   year = {2011},
}



@ARTICLE{gu2015,
  title={Randomized QR with Column Pivoting},
  author={Jed A. Duersch and Ming Gu},
  journal={SIAM Journal on Scientific Computing},
  year={2017},
  volume={39}
}

@MISC{dynamicsStudio,
   author       = "{Dantec Dynamics}",
   title        = {DynamicStudio},
   url          = {https://www.dantecdynamics.com/components/dynamicstudio/},
   year         = "2021", 
}

@book{OpenFOAM2007,
  author    = {OpenCFD},
  title     = {OpenFOAM: The Open Source CFD Toolbox. User Guide Version 1.4, OpenCFD Limited},
  year      = {2007},
  publisher = {Reading UK},
}

%%%% VK EXP
@article{kovasznay1949,
	title = {Hot wire investigations of the wake behind cylinders at low {Reynolds} numbers},
    author= {L.S.G Kovasznay},
	journal = {Proceedings of Royal Society A},
	volume = {198},
	pages = {174-190},
	year = {1949},
    doi = {10.1098/rspa.1949.0093},
}

@techreport{roshko1953,
  author  = 	 {Roshko, A.},
  title   = 	 {On the development of turbulent wakes from vortex streets},
  institution =  {Nat. Adv. Comm. Aeron. TN 2913},
  year    = 	 {1953},
}

@article{roshko1955,
    author  = 	 {Anatol Roshko},
	title = {On the wake and drag of bluff bodies},
	journal = {Journal of Aeronautical Sciences},
	volume = {22},
	pages = {124-132},
	year = {1955},
    doi = {10.2514/8.3286},
}

@article{tritton1959,
    author = {D.J. Tritton},
	title = {Experiments on the flow past a circular cylinder at low {Reynolds} numbers},
	journal = {Journal of Fluid Mechanics},
	volume = {6},
	pages = {547-567},
	year = {1959},
    doi = {10.1017/S0022112059000829},
}

@article{tyler1931,
	title = {{LXXIII.} {V}ortex formation behind obstacles of various sections},
    author = {E. Tyler},
	journal = {The London, Edinburgh, and Dublin Philosophical Magazine and Journal of Science},
	volume = {11},
	pages = {849-890},
	year = {1931},
    doi = {10.1080/14786443109461738},
}

@article{relf1925,
	title = {{LIII.} {O}n the frequency of eddies generated by the motion of circular cylinders through fluid},
    author = {E.F. Relf and L.F.G. Simons},
	journal = {The London, Edinburgh, and Dublin Philosophical Magazine and Journal of Science, 6th series},
	volume = {49},
	pages = {509-511},
	year = {1925},
    doi = {10.1080/14786442508634628},
}

@article{relf1921,
	title = {{XVII.} {O}n the sound emitted by wires of circular section when exposed to an air current},
    author = {E.F. Relf},
	journal = {The London, Edinburgh, and Dublin Philosophical Magazine and Journal of Science, 6th series},
	volume = {42},
	pages = {173-176},
	year = {1921},
    doi = {10.1080/14786442108633746},
}

@article{norberg1994,
	title={An experimental investigation of the flow around a circular cylinder: influence of aspect ratio},
	author={Norberg, C.},
	volume={258},
	journal={Journal of Fluid Mechanics},
	year={1994},
	pages={287-316},
    doi = {10.1017/S0022112094003332},
}

@article{wieselsberger1921,
	title = {New data on the laws of the fluid resistance},
	author = {C. Wieselsberger},
	journal = {Physikalische Zeitschrift},
	volume = {22},
	year = {1921},
}

@book{lienhard1966,
	author =   {John H. Lienhard},
	title  =   {Synopsis of lift, drag, and vortex frequency data for rigid circular cylinders},
	publisher= {Pullman, Wash: Technical Extension Service},
	address=   {Washington State University},
	year   =   {1966},
}

@article{jordan1972,
	title = {Oscillatory drag, lift and torque on a circular cylinder in a uniform flow},
	author = {S.K. Jordan},
	journal = {Physics of Fluids},
	volume = {11},
	pages = {371-376},
	year = {1972},
    doi = {10.1063/1.1693918},
}

%%% VK THEOR
@PHDTHESIS{schatzmann1981,
   author       = "J. C. Schatzman", 
   title        = "A Model for the von Kármán Vortex Street", 
   school       = "California Institute of Technology", 
   year         = "1981", 
   
   type         = "{Ph.D.} thesis", 
   address      = "California, USA", 
   month        = "", 
   note         = "", 
}

@article{saffman1982,
	title = {An inviscid model for the vortex-street wake},
    author = {P.G. Saffman and J.C. Shatzman},
	journal = {Journal of Fluid Mechanics},
	volume = {122},
	pages = {467-486},
	year = {1982},
    doi = {10.1017/S0022112082002316},
}

@article{crowdy2017,
	title = {Speed of a von {K}arman point vortex street in a weakly compressible fluid},
    author = {D.G. Crowdy and V. S. Krishnamurthy},
	journal = {Physical Review Fluids},
	volume = {2},
	pages = {114701-1-114701-17},
	year = {2017},
    doi = {10.1103/PhysRevFluids.2.114701},
}

@article{williamson1996,
	title = {Vortex dynamics in the cylinder wake},
    author = {C.H.K. Williamson},
	journal = {Annual Reviews of Fluid Mechanics},
	volume = {28},
	pages = {477-539},
	year = {1996},
    doi = {10.1146/annurev.fl.28.010196.002401},
}

%%% VK COMP
@article{braza1986,
	title = {Numerical study and physical analysis of the pressure and velocity fields in the near wake of a circular cylinder},
    author = {M. Braza and P. Chassaing and H.H. Minh},
	journal = {Journal of Fluid Mechanics },
	volume = {165},
	pages = {79-130},
	year = {1986},
    doi = {10.1017/S0022112086003014},
}

@article{sirisup2004,
	title = {{DNS} and experiments of flow past a wired cylinder at low {R}eynolds number},
	author = {S. Sirisup and G.E. Karniadakis and N. Saelim and D. Rockwell},
	journal = {European Journal of Mechanics - B/Fluids},
	volume = {23},
	number = {1},
	pages = {181-188},
	year = {2004},
    doi = {10.1016/j.euromechflu.2003.04.003},
}

@article{henderson1995,
	title = {Details of the drag curve near the onset of vortex shedding},
	author = {R.D. Henderson},
	journal = {Physics of Fluids},
	volume = {7},
	pages = {2102-2104},
	year = {1995},
    doi = {10.1063/1.868459},
}

@article{fiabane2011,
	title = {Characterization of flow contributions to drag and lift of a circular cylinder using a volume expression of the fluid force},
	journal = {European Journal of Mechanics - B/Fluids},
	author = {L. Fiabane and M. Gohlke and O. Cadot},
	volume = {30},
	number = {3},
	pages = {311-315},
	year = {2011},
    doi = {10.1016/j.euromechflu.2010.12.001},
}

%%% Cylinder POD
@article{siegel2008,
	title = {Low-dimensional modelling of a transient cylinder wake using double proper orthogonal decomposition},
    author = {S.G. Siegel and J. Seidel and C. Fagley and D.M. Luchtenburg and K. Cohen and T. McLaughlin},
	journal = {Journal of Fluid Mechanics},
	volume = {610},
	pages = {1-42},
	year = {2008},
    doi = {10.1017/S0022112008002115},
}

%%% POD in general

@Article{pearson1901,
  author  = 	 {K. Pearson},
  title   = 	 {On lines and planes closest fit to systems of points in space},
  journal = 	 {Phil. Mag.},
  year    = 	 {1901},
  volume  = 	 {2},
  pages   = 	 {559-572},
}

@Article{hoetelling1935,
  author  = 	 {H. Hoetelling},
  title   = 	 {Simplified calculation of principal component analysis},
  journal = 	 {Psychometrica},
  year    = 	 {1935},
  volume  = 	 {1},
  pages   = 	 {27-35},
}

@inBook {jollife2014,
  title   =      {Principal Component Analysis},
  author  =      {I. Jolliffe},
  publisher=     {John Wiley \& Sons, Ltd},
  isbn    =      {9781118445112},
  keywords=      {dimension reduction, factor analysis, multivariate analysis, variance maximization},
  booktitle=     {Wiley StatsRef: Statistics Reference Online},
  year    =      {2014},
}

@Article{karhunen1946,
  author  = 	 {K. Karhunen},
  title   = 	 {Zur Spektraltheorie stochastischer Prozesse},
  journal = 	 {Annales Academiae scientiarum Fennicae. Series A. 1, Mathematica-physica},
  year    = 	 {1946},
  volume  = 	 {34},
  pages   = 	 {7},
}

@Article{loeve1946,
  author  = 	 {M. Karhunen},
  title   = 	 {Fonctions aleatoire de second ordre},
  journal = 	 {Revue},
  year    = 	 {1946},
  volume  = 	 {48},
  pages   = 	 {195-206},
}

@TechReport{lorenzXY,
  author  = 	 {E. N. Lorenz},
  title   = 	 {Empirical orthogonal functions and statistical weather prediction},
  institution =  {MIT},
  year    = 	 {unpublished},
  pages   = 	 {34},
}

@Article{cross1993,
  author  = 	 {M. Cross and P. Hohenberg},
  title   = 	 {Pattern formation outside of equilibrium},
  journal = 	 {Rev. Modern Phys.},
  year    = 	 {1993},
  volume  = 	 {65},
  pages   = 	 {851-1123},
}

@Book{vanHuffel2013,
  title={Total Least Squares and Errors-in-Variables Modeling: Analysis, Algorithms and Applications},
  author={S. van Huffel and P. Lemmerling},
  isbn={9789401735520},
  series={SpringerLink : B{\"u}cher},
  year={2013},
  publisher={Springer Netherlands}
}


@Article{schaffrin2006,
  author  = 	 {B. Schaffrin},
  title   = 	 {A note on constrained total least-squares estimation},
  journal = 	 {Applications of Linear Algebra},
  year    = 	 {2006},
  volume  = 	 {417},
  pages   = 	 {245-258},
}

@Article{leyang2012,
  author  = 	 {W. Leyang},
  title   = 	 {Properties of the total least squares estimation},
  journal = 	 {Geodesy and Geodynamics},
  year    = 	 {2012},
  volume  = 	 {3},
  pages   = 	 {39-46},
}

%%% intro references (usage of POD)
@article{feng2010,
  author  = 	 {L.H. Feng and J.J. Wang and C. Pan},
  title   = 	 {Proper orthogonal decomposition analysis of vortex dynamics of a circular cylinder under synthetic jet control},
  journal = 	 {Physics of Fluids},
  year    = 	 {2010},
  volume  = 	 {23},
  pages   = 	 {014106-1-014106-14},
}

@article{kostas2005,
  author  = 	 {J. Kostas and J. Soria and M.S. Chong},
  title   = 	 {A comparison between snapshot {POD} analysis of {PIV} velocity and vorticity data},
  journal = 	 {Experiments in Fluids},
  year    = 	 {2005},
  volume  = 	 {38},
  pages   = 	 {146-160},
}

@article{kostas2002,
  author  = 	 {J. Kostas and J. Soria and M.S. Chong},
  title   = 	 {Particle image velocimetry measurements of a backward-facing step flow},
  journal = 	 {Experiments in Fluids},
  year    = 	 {2002},
  volume  = 	 {33},
  pages   = 	 {838-853},
}

@article{riches2018,
  author  = 	 {G. Riches and R. Martinuzzi and C. Morton},
  title   = 	 {Proper orthogonal decomposition analysis of a circular cylinder undergoing vortex-induced vibrations},
  journal = 	 {Physics of Fluids},
  year    = 	 {2018},
  volume  = 	 {30},
  pages   = 	 {105103-1-105103-22},
  doi     = {10.1063/1.5046090},
}

@article{venturi2006,
  author  = 	 {D. Venturi},
  title   = 	 {On proper orthogonal decomposition of randomly perturbed fields with applications to flow past a cylinder and natural convection over a horizontal plate},
  journal = 	 {Journal of Fluid Mechanics},
  year    = 	 {2006},
  volume  = 	 {559},
  pages   = 	 {215-254},
  doi     = {10.1017/S0022112006000346},
}

@article{ma2000,
    title={Dynamics and low-dimensionality of a turbulent near wake},
    volume={410},
    DOI={10.1017/S0022112099007934},
    journal={Journal of Fluid Mechanics},
    publisher={Cambridge University Press},
    author={Ma, X. and Karamabnos, G.-S. and Karniadakis, G. E.},
    year={2000},
    pages={29-65}
}

@article{ma2003,
    title={{DPIV}-driven flow simulation: a new computational paradigm},
    volume={459},
    DOI={10.1098/rspa.2002.0981},
    journal={Proceedings of the Royal Society A},
    author={Ma, X. and Karniadikis, G. E. and Park, H. and Gharib, M.},
    year={2003},
    pages={547-565}
}

@article{prochazka2019,
    title={Streamwise and spanwise vortical structure merging inside the wake of an inclined flat plate},
    volume={20},
    DOI={10.1051/meca/2019080},
    journal={Mechanics and Industry},
    author={Prochazka, P. and Uruba, V.},
    year={2019},
    pages={705-1-705-13}
}

@book{moukalled2016,
   author =   {F. Moukalled and M. Darwish and L. Mangani},
   title  =   {The finite volume method in computational fluid dynamics: an advanced introduction with {O}pen{FOAM} and {M}atlab},
   publisher=   {Springer-Verlag},
   address=   {Berlin, Germany},
   edition=   {1},
   year   =   {2016},
   isbn    =     {978-3-319-16874-6},
}

@article{zhu1991,
    title={A low dispersion and bounded convection scheme},
    volume={92},
    DOI={10.1016/0045-7825(91)90199-g},
    journal={Computer Methods in Applied Mechanics and Engineering},
    author={J. Zhu and W. Rodi},
    year={1991},
    pages={87-96}
}

@article{crankNicolson1947,
    title={A practical method for numerical evaluation of solutions of partial differential equations of the heat-conduction type},
    volume={43},
    DOI={10.1017/S0305004100023197},
    number={1},
    journal={Mathematical Proceedings of the Cambridge Philosophical Society}, publisher={Cambridge University Press},
    author={Crank, J. and Nicolson, P.},
    year={1947},
    pages={50-67}
}

@book{oyvind2019,
   author =   {R. {\O}yvind},
   title  =   {Linear algebra, signal processing and wavelets -- A unified approach},
   publisher=   {Springer-Verlag},
   address=   {Cham, Switzerland},
   edition=   {1},
   year   =   {2019},
   isbn    =     {978-3-030-02939-5},
   doi = {10.1007/978-3-030-02940-1},
}

@article{rose1978,
    title={Fully developed turbulence and statistical mechanics},
    volume={39},
    DOI={10.1051/jphys:01978003905044100},
    number={5},
    journal={Le Journal de Physique},
    author={H.A. Rose and P.L. Sulem},
    year={1978},
    pages={441-484}
}

@book{chorin1994,
   author =   {A.J. Chorin},
   title  =   {Vorticity and Turbulence},
   publisher=   {Springer Science+Business Media},
   address=   {New York, USA},
   edition=   {1},
   year   =   {1994},
}

@article{garcia2019,
    title={Span effect on turbulent nature of flow past a circular cylinder},
    volume={878},
    DOI={10.1017/jfm.2019.637},
    journal={Journal of Fluid Mechanics},
    author={B.F. Garcia and G.D. Weymouth and V.-T. Nguyen and O.R. Tutty},
    year={2019},
    pages={306-323}
}


@Article{reiss2018,
  author  = 	 {J. Reiss and P. Schulze and J. Sesterhenn and V. Merhmann},
  title   = 	 {The shifted proper orthogonal decomposition: a mode decomposition for multiple transport phenomena},
  journal = 	 {SIAM Journal of Scientific Computing},
  year    = 	 {2018},
  volume  = 	 {40},
  pages   = 	 {A1322-A1344},
  doi     =      {10.1137/17M1140571},
}

@Article{reiss2021,
  author  = 	 {J. Reiss},
  title   = 	 {Optimization-based modal decomposition for systems with multiple transports},
  journal = 	 {SIAM Journal of Scientific Computing},
  year    = 	 {2021},
  volume  = 	 {43},
  pages   = 	 {A2079-A2101},
}

@article{prasad1997,
    title={Three-dimensional effects in turbulent bluff-body wakes},
    volume={343},
    DOI={10.1017/S002211209700579X},
    journal={Journal of Fluid Mechanics},
    publisher={Cambridge University Press},
    author={A. Prasad and C.H.K Williamson},
    year={1997},
    pages={235-265}
}

@article{williamson1989,
    title={Oblique and parallel modes of vortex shedding in the wake of a circular cylinder at low Reynolds numbers},
    volume={206},
    DOI={10.1017/S002211209700579X},
    journal={Journal of Fluid Mechanics},
    publisher={Cambridge University Press},
    author={C.H.K Williamson},
    year={1989},
    pages={579-627}
}


@article{chu21,
  author = {Chu,Shijun and Xia,Chao and Wang,Hanfeng and Fan,Yajun and Yang,Zhigang},
  title = {Three-dimensional spectral proper orthogonal decomposition analyses of the turbulent flow around a seal-vibrissa-shaped cylinder},
  journal = {Physics of Fluids},
  volume = {33},
  number = {2},
  pages = {025106},
  year = {2021},
  doi = {10.1063/5.0035789},
}

@article{choi08,
  author = {Choi, Haecheon and Jeon, Woo-Pyung and Kim, Jinsung},
  title = {Control of Flow Over a Bluff Body},
  journal = {Annual Review of Fluid Mechanics},
  volume = {40},
  number = {1},
  pages = {113-139},
  year = {2008},
  doi = {10.1146/annurev.fluid.39.050905.110149},
}

@article{michalek22,
title = {Influence of surface roughness on the wake structure of a circular cylinder at Reynolds number 5 × 103 to 12 × 103},
journal = {European Journal of Mechanics - B/Fluids},
volume = {96},
pages = {15-25},
year = {2022},
doi = {https://doi.org/10.1016/j.euromechflu.2022.06.003},
author = {Petr Michálek and Pavel Procházka and Václav Uruba and Stanislav Pospíšil},
}

@article{ma00, 
  title={Dynamics and low-dimensionality of a turbulent near wake}, 
  volume={410}, 
  DOI={10.1017/S0022112099007934}, 
  journal={Journal of Fluid Mechanics}, 
  author={MA, X. and KARAMANOS, G.-S. and KARNIADAKIS, G. E.}, 
  year={2000}, 
  pages={29–65}
}