
@article{JORDAN1972,
	title={Oscillatory Drag, Lift, and Torque on a Circular Cylinder in a Uniform Flow},
	author={Stanley K. Jordan and Jacob E. Fromm},
	journal={ Physics of Fluids (1958-1988)},
	volume={15},
	pages={371-376},
	year={1972},
}

@article{SIRISUP2004,
	title = {DNS and experiments of flow past a wired cylinder at low Reynolds number},
	author = {S. Sirisup and G.E. Karniadakis and N. Saelim and D. Rockwell},
	journal = {European Journal of Mechanics - B/Fluids},
	volume = {23},
	number = {1},
	pages = {181-188},
	year = {2004},
}

@article{HENDERSON1995,
	title={Details of the drag curve near the onset of vortex shedding},
	author={Ronald D. Henderson},
	journal={Physics of Fluids },
	volume={7},
	issue={9}
	pages={2102-2104},
	year={1995},
}

@article{FIABANE2011,
	title = {Characterization of flow contributions to drag and lift of a circular cylinder using a volume expression of the fluid force},
	journal = {European Journal of Mechanics - B/Fluids},
	author = {L. Fiabane and M. Gohlke and O. Cadot},
	volume = {30},
	number = {3},
	pages = {311-315},
	year = {2011},
}

@article{WIESELBERGER2011,
	title = {New data on the laws of the fluid resistance},
	author = {C. Wieselsberger},
	journal = {Physikalische Zeitschrift},
	volume = {22},
	year = {1921},
}
@techreport{ANATOL53,
	AUTHOR  = 	 {R. ANATOL},
	TITLE   = 	 {ON THE DEVELOPMENT OF TURBULENT WAKES FROM VORTEX STREETS},
	INSTITUTION = 	 {NAT. ADV. COMM. AERON.},
	YEAR    = 	 {1953},
}

@book{LIENHARD1966,
	author =   {John H, Lienhard},
	title  =   {Synopsis of lift, drag, and vortex frequency data for rigid circular cylinders},
	publisher= {Pullman, Wash: Technical Extension Service},
	address=   {Washington State University},
	year   =   {1966},
}

@article{NORBERG1994,
	title={An experimental investigation of the flow around a circular cylinder: influence of aspect ratio},
	author={Norberg, C.},
	volume={258},
	journal={Journal of Fluid Mechanics},
	year={1994},
	pages={287-316}
}

@article{CHOI2007,
	title = {An immersed boundary method for complex incompressible flows},
	journal = {Journal of Computational Physics},
	volume = {224},
	number = {2},
	pages = {757-784},
	year = {2007},
}

@article{LIU1998,
	title = {Preconditioned Multigrid Methods for Unsteady Incompressible Flows},
	journal = {Journal of Computational Physics},
	volume = {139},
	number = {1},
	pages = {35-57},
	year = {1998},
}

@article{RUSSELL2003,
	title = {A cartesian grid method for modeling multiple moving objects in 2D incompressible viscous flow},
	journal = {Journal of Computational Physics},
	volume = {191},
	number = {1},
	pages = {177-205},
	year = {2003},
}

@article{CALHOUN2002,
	title = {A Cartesian Grid Method for Solving the Two-Dimensional Streamfunction-Vorticity Equations in Irregular Regions},
	journal = {Journal of Computational Physics},
	volume = {176},
	number = {2},
	pages = {231-275},
	year = {2002},
}

@article{ROSENFELD1991,
	title = {A fractional step solution method for the unsteady incompressible navier-stokes equations in generalized coordinate systems},
	journal = {Journal of Computational Physics},
	volume = {94},
	number = {1},
	pages = {102-137},
	year = {1991},
}

@article{KIM2001,
	title = {An Immersed-Boundary Finite-Volume Method for Simulations of Flow in Complex Geometries},
	journal = {Journal of Computational Physics},
	volume = {171},
	number = {1},
	pages = {132-150},
	year = {2001},
}

@article{BRAZA1986,
	title = {Numerical study and physical analysis of the pressure and velocity fields in the near wake of a circular cylinder},
	journal = {Journal of Fluid Mechanics },
	volume = {165},
	pages = {79-130},
	year = {1986},
}

@article{BLAIS2016,
	title={A semi-implicit immersed boundary method and its application to viscous mixing},
	author={B. Blais and M. Lassaigne and C. Goniva and L. Fradette and F. Bertrand},
	journal={Comp. and Chem. Eng.},
	volume={85},
	pages={136--146},
	year={2016},
}

